<record xmlns="http://www.loc.gov/MARC21/slim" xmlns:xsi="http://www.w3.org/2001/XMLSchema-instance" xsi:schemaLocation="http://www.loc.gov/MARC21/slim http://www.loc.gov/standards/marcxml/schema/MARC21slim.xsd"><leader>01014cz   2200265n  4500</leader><controlfield tag="001">oca00519712 </controlfield><controlfield tag="005">20020307114750.0</controlfield><controlfield tag="008">801118n| acannaab           |a aaa      </controlfield><datafield ind1=" " ind2=" " tag="010"><subfield code="a">n  80139470 </subfield></datafield><datafield ind1=" " ind2=" " tag="040"><subfield code="a">DLC</subfield><subfield code="c">DLC</subfield></datafield><datafield ind1="0" ind2=" " tag="100"><subfield code="a">Isidore,</subfield><subfield code="c">of Seville, Saint,</subfield><subfield code="d">d. 636</subfield></datafield><datafield ind1="0" ind2=" " tag="400"><subfield code="a">Isidore,</subfield><subfield code="c">Bishop of Seville,</subfield><subfield code="d">d. 636</subfield></datafield><datafield ind1="0" ind2=" " tag="400"><subfield code="a">Isidoro,</subfield><subfield code="c">de Sevilla, Saint,</subfield><subfield code="d">d. 636</subfield></datafield><datafield ind1="0" ind2=" " tag="400"><subfield code="a">Isidor,</subfield><subfield code="c">von Sevilla, Saint,</subfield><subfield code="d">d. 636</subfield></datafield><datafield ind1="0" ind2=" " tag="400"><subfield code="a">Isidorus,</subfield><subfield code="c">Saint,</subfield><subfield code="d">d. 636</subfield></datafield><datafield ind1="0" ind2=" " tag="400"><subfield code="a">Isidorus,</subfield><subfield code="c">Bishop of Seville,</subfield><subfield code="d">d. 636</subfield></datafield><datafield ind1="1" ind2=" " tag="400"><subfield code="a">Seville, Isidore of,</subfield><subfield code="c">Saint,</subfield><subfield code="d">d. 636</subfield></datafield><datafield ind1="1" ind2=" " tag="400"><subfield code="a">Sevilla, Isidoro de</subfield><subfield code="c">Saint,</subfield><subfield code="d">d. 636</subfield></datafield><datafield ind1="1" ind2=" " tag="400"><subfield code="a">De Sevilla, Isidoro,</subfield><subfield code="c">Saint,</subfield><subfield code="d">d. 636</subfield></datafield><datafield ind1="1" ind2=" " tag="400"><subfield code="a">Sevilla, Isidor von,</subfield><subfield code="c">Saint,</subfield><subfield code="d">d. 636</subfield></datafield><datafield ind1="1" ind2=" " tag="400"><subfield code="a">Von Sevilla, Isidor,</subfield><subfield code="c">Saint,</subfield><subfield code="d">d. 636</subfield></datafield><datafield ind1="0" ind2=" " tag="400"><subfield code="a">Isidorus,</subfield><subfield code="c">Saint, Bp. of Seville,</subfield><subfield code="d">d. 636</subfield><subfield code="w">nnaa</subfield></datafield><datafield ind1="0" ind2=" " tag="400"><subfield code="a">Isidorus,</subfield><subfield code="c">Hispalensis,</subfield><subfield code="d">d. 636</subfield></datafield><datafield ind1=" " ind2=" " tag="670"><subfield code="a">Author's Die altdeutschen ... 1874.</subfield></datafield><datafield ind1=" " ind2=" " tag="670"><subfield code="a">His Isidori Hispalensis de natura rerum, 1857:</subfield><subfield code="b">t.p. (Isidori Hispalensis)</subfield></datafield></record>